@string{june = {June}}

@article{1991ApJ...370L..39K,
 adsnote = {Provided by the SAO/NASA Astrophysics Data System},
 adsurl = {https://ui.adsabs.harvard.edu/abs/1991ApJ...370L..39K},
 author = {{Koenigl}, Arieh},
 doi = {10.1086/185972},
 journal = {\apjl},
 keywords = {Accretion Disks, Magnetic Stars, T Tauri Stars, Computational Astrophysics, Stellar Magnetic Fields, Stellar Mass Accretion, Stellar Models, Ultraviolet Radiation, Astrophysics, STARS: ACCRETION, STARS: MAGNETIC, STARS: PRE--MAIN-SEQUENCE},
 month = {March},
 pages = {L39},
 title = {{Disk Accretion onto Magnetic T Tauri Stars}},
 volume = {370},
 year = {1991}
}

@article{1994ApJ...429..781S,
 adsnote = {Provided by the SAO/NASA Astrophysics Data System},
 adsurl = {https://ui.adsabs.harvard.edu/abs/1994ApJ...429..781S},
 author = {{Shu}, Frank and {Najita}, Joan and {Ostriker}, Eve and {Wilkin}, Frank and
{Ruden}, Steven and {Lizano}, Susana},
 doi = {10.1086/174363},
 journal = {\apj},
 keywords = {Astronomical Models, Centrifugal Force, Disk Galaxies, Magnetic Fields, Mass Flow, Protostars, Stellar Mass Accretion, T Tauri Stars, Angular Momentum, Numerical Analysis, Stellar Winds, Terminal Velocity, Astrophysics, ACCRETION, ACCRETION DISKS, MAGNETOHYDRODYNAMICS: MHD, STARS: FORMATION, STARS: MAGNETIC FIELDS, STARS: MASS LOSS, STARS: PRE--MAIN-SEQUENCE, STARS: ROTATION},
 month = {July},
 pages = {781},
 title = {{Magnetocentrifugally Driven Flows from Young Stars and Disks. I. A Generalized Model}},
 volume = {429},
 year = {1994}
}

@article{2000ApJ...544..927G,
 adsnote = {Provided by the SAO/NASA Astrophysics Data System},
 adsurl = {https://ui.adsabs.harvard.edu/abs/2000ApJ...544..927G},
 archiveprefix = {arXiv},
 author = {{Gullbring}, Erik and {Calvet}, Nuria and {Muzerolle}, James and
{Hartmann}, Lee},
 doi = {10.1086/317253},
 eprint = {astro-ph/0008203},
 journal = {\apj},
 keywords = {Accretion, Accretion Disks, Stars: Circumstellar Matter, Stars: Formation, Stars: Pre-Main-Sequence, Ultraviolet: Stars, Astrophysics},
 month = {December},
 number = {2},
 pages = {927-932},
 primaryclass = {astro-ph},
 title = {{The Structure and Emission of the Accretion Shock in T Tauri Stars. II. The Ultraviolet-Continuum Emission}},
 volume = {544},
 year = {2000}
}

@article{2012ApJ...760L..21B,
 adsnote = {Provided by the SAO/NASA Astrophysics Data System},
 adsurl = {https://ui.adsabs.harvard.edu/abs/2012ApJ...760L..21B},
 archiveprefix = {arXiv},
 author = {{Brickhouse}, N.~S. and {Cranmer}, S.~R. and {Dupree}, A.~K. and
{G{\"u}nther}, H.~M. and {Luna}, G.~J.~M. and {Wolk}, S.~J.},
 doi = {10.1088/2041-8205/760/2/L21},
 eid = {L21},
 eprint = {1211.1710},
 journal = {\apjl},
 keywords = {accretion, accretion disks, stars: formation, stars: individual: TW Hydrae, techniques: spectroscopic, X-rays: stars, Astrophysics - Solar and Stellar Astrophysics, Astrophysics - High Energy Astrophysical Phenomena},
 month = {December},
 number = {2},
 pages = {L21},
 primaryclass = {astro-ph.SR},
 title = {{X-Ray Determination of the Variable Rate of Mass Accretion onto TW Hydrae}},
 volume = {760},
 year = {2012}
}

@article{Ardila_2013,
 adsnote = {Provided by the SAO/NASA Astrophysics Data System},
 adsurl = {https://ui.adsabs.harvard.edu/abs/2013ApJS..207....1A},
 archiveprefix = {arXiv},
 author = {{Ardila}, David R. and {Herczeg}, Gregory J. and {Gregory}, Scott G. and
{Ingleby}, Laura and {France}, Kevin and {Brown}, Alexander and
{Edwards}, Suzan and {Johns-Krull}, Christopher and
{Linsky}, Jeffrey L. and {Yang}, Hao and {Valenti}, Jeff A. and
{Abgrall}, Herv{\'e} and {Alexander}, Richard D. and {Bergin}, Edwin and
{Bethell}, Thomas and {Brown}, Joanna M. and {Calvet}, Nuria and
{Espaillat}, Catherine and {Hillenbrand}, Lynne A. and
{Hussain}, Gaitee and {Roueff}, Evelyne and {Schindhelm}, Eric R. and
{Walter}, Frederick M.},
 doi = {10.1088/0067-0049/207/1/1},
 eid = {1},
 eprint = {1304.3746},
 journal = {\apjs},
 keywords = {protoplanetary disks, stars: pre-main sequence, stars: variables: T Tauri, Herbig Ae/Be, surveys, ultraviolet: stars, Astrophysics - Solar and Stellar Astrophysics},
 month = {July},
 number = {1},
 pages = {1},
 primaryclass = {astro-ph.SR},
 title = {{Hot Gas Lines in T Tauri Stars}},
 volume = {207},
 year = {2013}
}

@article{Argiroffi_2009,
 adsnote = {Provided by the SAO/NASA Astrophysics Data System},
 adsurl = {https://ui.adsabs.harvard.edu/abs/2009A&A...507..939A},
 archiveprefix = {arXiv},
 author = {{Argiroffi}, C. and {Maggio}, A. and {Peres}, G. and {Drake}, J.~J. and
{L{\'o}pez-Santiago}, J. and {Sciortino}, S. and {Stelzer}, B.},
 doi = {10.1051/0004-6361/200912792},
 eprint = {0909.0218},
 journal = {\aap},
 keywords = {stars: atmospheres, stars: coronae, stars: pre-main sequence, techniques: spectroscopic, X-rays: stars, Astrophysics - Solar and Stellar Astrophysics},
 month = {November},
 number = {2},
 pages = {939-948},
 primaryclass = {astro-ph.SR},
 title = {{X-ray optical depth diagnostics of T Tauri accretion shocks}},
 volume = {507},
 year = {2009}
}

@article{Brickhouse_2010,
 adsnote = {Provided by the SAO/NASA Astrophysics Data System},
 adsurl = {https://ui.adsabs.harvard.edu/abs/2010ApJ...710.1835B},
 archiveprefix = {arXiv},
 author = {{Brickhouse}, N.~S. and {Cranmer}, S.~R. and {Dupree}, A.~K. and
{Luna}, G.~J.~M. and {Wolk}, S.},
 doi = {10.1088/0004-637X/710/2/1835},
 eprint = {1001.0750},
 journal = {\apj},
 keywords = {accretion, accretion disks, stars: coronae, stars: formation, stars: individual: TW Hydrae, techniques: spectroscopic, X-rays: stars, Astrophysics - Solar and Stellar Astrophysics},
 month = {February},
 number = {2},
 pages = {1835-1847},
 primaryclass = {astro-ph.SR},
 title = {{A Deep Chandra X-Ray Spectrum of the Accreting Young Star TW Hydrae}},
 volume = {710},
 year = {2010}
}

@article{Calvet_1998,
 adsnote = {Provided by the SAO/NASA Astrophysics Data System},
 adsurl = {https://ui.adsabs.harvard.edu/abs/1998ApJ...509..802C},
 author = {{Calvet}, Nuria and {Gullbring}, Erik},
 doi = {10.1086/306527},
 journal = {\apj},
 keywords = {ACCRETION, ACCRETION DISKS, STARS: CIRCUMSTELLAR MATTER, SHOCK WAVES, STARS: PRE-MAIN-SEQUENCE, Accretion, Accretion Disks, Stars: Circumstellar Matter, Shock Waves, Stars: Pre-Main-Sequence},
 month = {December},
 number = {2},
 pages = {802-818},
 title = {{The Structure and Emission of the Accretion Shock in T Tauri Stars}},
 volume = {509},
 year = {1998}
}

@article{Cleeves_2017,
 adsnote = {Provided by the SAO/NASA Astrophysics Data System},
 adsurl = {https://ui.adsabs.harvard.edu/abs/2017ApJ...843L...3C},
 archiveprefix = {arXiv},
 author = {{Cleeves}, L. Ilsedore and {Bergin}, Edwin A. and {{\"O}berg}, Karin I. and
{Andrews}, Sean and {Wilner}, David and {Loomis}, Ryan},
 doi = {10.3847/2041-8213/aa76e2},
 eid = {L3},
 eprint = {1706.00833},
 journal = {\apjl},
 keywords = {accretion, accretion disks, astrochemistry, stars: individual: IM Lup, stars: pre-main sequence, X-rays: stars, Astrophysics - Solar and Stellar Astrophysics},
 month = {July},
 number = {1},
 pages = {L3},
 primaryclass = {astro-ph.SR},
 title = {{Variable H$^{13}$CO$^{+}$ Emission in the IM Lup Disk: X-Ray Driven Time-dependent Chemistry?}},
 volume = {843},
 year = {2017}
}

@article{Curran_2011,
 adsnote = {Provided by the SAO/NASA Astrophysics Data System},
 adsurl = {https://ui.adsabs.harvard.edu/abs/2011A&A...526A.104C},
 archiveprefix = {arXiv},
 author = {{Curran}, R.~L. and {Argiroffi}, C. and {Sacco}, G.~G. and {Orland
o}, S. and {Peres}, G. and {Reale}, F. and {Maggio}, A.},
 doi = {10.1051/0004-6361/201015522},
 eid = {A104},
 eprint = {1011.5915},
 journal = {\aap},
 keywords = {accretion, accretion disks, circumstellar matter, stars: pre-main sequence, techniques: spectroscopic, Astrophysics - Solar and Stellar Astrophysics},
 month = {February},
 pages = {A104},
 primaryclass = {astro-ph.SR},
 title = {{Multiwavelength diagnostics of accretion in an X-ray selected sample of CTTSs}},
 volume = {526},
 year = {2011}
}

@article{Guedel_2007,
 adsnote = {Provided by the SAO/NASA Astrophysics Data System},
 adsurl = {https://ui.adsabs.harvard.edu/abs/2007A&A...468..353G},
 archiveprefix = {arXiv},
 author = {{G{\"u}del}, M. and {Briggs}, K.~R. and {Arzner}, K. and {Audard}, M. and
{Bouvier}, J. and {Feigelson}, E.~D. and {Franciosini}, E. and
{Glauser}, A. and {Grosso}, N. and {Micela}, G. and {Monin}, J. -L. and
{Montmerle}, T. and {Padgett}, D.~L. and {Palla}, F. and
{Pillitteri}, I. and {Rebull}, L. and {Scelsi}, L. and {Silva}, B. and
{Skinner}, S.~L. and {Stelzer}, B. and {Telleschi}, A.},
 doi = {10.1051/0004-6361:20065724},
 eprint = {astro-ph/0609160},
 journal = {\aap},
 keywords = {stars: formation, stars: pre-main sequence, X-rays: stars, gravitational waves, Astrophysics},
 month = {June},
 number = {2},
 pages = {353-377},
 primaryclass = {astro-ph},
 title = {{The XMM-Newton extended survey of the Taurus molecular cloud (XEST)}},
 volume = {468},
 year = {2007}
}

@article{Guenther_2007,
 adsnote = {Provided by the SAO/NASA Astrophysics Data System},
 adsurl = {https://ui.adsabs.harvard.edu/abs/2007A&A...466.1111G},
 archiveprefix = {arXiv},
 author = {{G{\"u}nther}, H.~M. and {Schmitt}, J.~H.~M.~M. and {Robrade}, J. and
{Liefke}, C.},
 doi = {10.1051/0004-6361:20065669},
 eprint = {astro-ph/0702579},
 journal = {\aap},
 keywords = {accretion, accretion disks, methods: numerical, stars: pre-main sequence, stars: late-type, stars: individual: TW Hya, X-rays: stars, Astrophysics},
 month = {May},
 number = {3},
 pages = {1111-1121},
 primaryclass = {astro-ph},
 title = {{X-ray emission from classical T Tauri stars: accretion shocks and coronae?}},
 volume = {466},
 year = {2007}
}

@article{Hartmann_2016,
 adsnote = {Provided by the SAO/NASA Astrophysics Data System},
 adsurl = {https://ui.adsabs.harvard.edu/abs/2016ARA&A..54..135H},
 author = {{Hartmann}, Lee and {Herczeg}, Gregory and {Calvet}, Nuria},
 doi = {10.1146/annurev-astro-081915-023347},
 journal = {\araa},
 month = {September},
 pages = {135-180},
 title = {{Accretion onto Pre-Main-Sequence Stars}},
 volume = {54},
 year = {2016}
}

@article{Robinson_2019,
 adsnote = {Provided by the SAO/NASA Astrophysics Data System},
 adsurl = {https://ui.adsabs.harvard.edu/abs/2019ApJ...874..129R},
 archiveprefix = {arXiv},
 author = {{Robinson}, Connor E. and {Espaillat}, Catherine C.},
 doi = {10.3847/1538-4357/ab0d8d},
 eid = {129},
 eprint = {1903.01987},
 journal = {\apj},
 keywords = {accretion, accretion disks, stars: variables: T Tauri, Herbig Ae/Be, ultraviolet: stars, Astrophysics - Solar and Stellar Astrophysics},
 month = {April},
 number = {2},
 pages = {129},
 primaryclass = {astro-ph.SR},
 title = {{Multiepoch Ultraviolet HST Observations of Accreting Low-mass Stars}},
 volume = {874},
 year = {2019}
}

@article{Robrade_2006,
 adsnote = {Provided by the SAO/NASA Astrophysics Data System},
 adsurl = {https://ui.adsabs.harvard.edu/abs/2006A&A...449..737R},
 archiveprefix = {arXiv},
 author = {{Robrade}, J. and {Schmitt}, J.~H.~M.~M.},
 doi = {10.1051/0004-6361:20054247},
 eprint = {astro-ph/0601234},
 journal = {\aap},
 keywords = {stars: activity, stars: coronae, stars: late-type, stars: pre-main sequence, X-rays: stars, Astrophysics},
 month = {April},
 number = {2},
 pages = {737-747},
 primaryclass = {astro-ph},
 title = {{XMM-Newton X-ray spectroscopy of classical T Tauri stars}},
 volume = {449},
 year = {2006}
}

@article{Sacco_2010,
 adsnote = {Provided by the SAO/NASA Astrophysics Data System},
 adsurl = {https://ui.adsabs.harvard.edu/abs/2010A&A...522A..55S},
 archiveprefix = {arXiv},
 author = {{Sacco}, G.~G. and {Orlando}, S. and {Argiroffi}, C. and {Maggio}, A. and
{Peres}, G. and {Reale}, F. and {Curran}, R.~L.},
 doi = {10.1051/0004-6361/201014950},
 eid = {A55},
 eprint = {1007.2423},
 journal = {\aap},
 keywords = {accretion, accretion disks, hydrodynamics, shock waves, stars: pre-main sequence, X-rays: stars, Astrophysics - Solar and Stellar Astrophysics, Astrophysics - High Energy Astrophysical Phenomena},
 month = {November},
 pages = {A55},
 primaryclass = {astro-ph.SR},
 title = {{On the observability of T Tauri accretion shocks in the X-ray band}},
 volume = {522},
 year = {2010}
}

